@misc{lecture,
  author        = {John Abbitt},
  title         = {Wind Tunnel Operating Characteristics Wind tunnel Calibration},
  year          = {2023},
  howpublished  = {\url{https://ufl.instructure.com/courses/480244/files/80557995}}
}